@preamble{{\providecommand{\benthem}{}}}
@preamble{{\providecommand{\dijck}{}}}

@article{goranko_1992,
	year = 1992,
	publisher = {Oxford University Press ({OUP})},
	volume = {2},
	number = {1},
	pages = {5--30},
	author = {Valentin Goranko and Solomon Passy},
	title = {Using the Universal Modality: Gains and Questions},
	journal = {Journal of Logic and Computation}
}

@book{pacuit2017neighborhood,
  title={Neighborhood semantics for modal logic},
  author={Pacuit, Eric},
  year={2017},
  publisher={Springer International Publishing}
}

@book{fagin2003reasoning,
  title={Reasoning about knowledge},
  author={Fagin, Ronald and Moses, Yoram and Halpern, Joseph Y and Vardi, Moshe Y},
  year={2003},
  publisher={MIT press}
}

@article{baltag2008qualitative,
  title={A qualitative theory of dynamic interactive belief revision},
  author={Baltag, Alexandru and Smets, Sonja},
  journal={Logic and the foundations of game and decision theory (LOFT 7)},
  volume={3},
  pages={9--58},
  year={2008},
  publisher={Texts in Logic and Games}
}

@article{plaza2007logics,
  title={Logics of public communications},
  author={Plaza, Jan},
  journal={Synthese},
  volume={158},
  number={2},
  pages={165--179},
  year={2007},
  publisher={Springer}
}

@book{van_Ditmarsch_2008,
    doi = {10.1007/978-1-4020-5839-4},
    year = 2008,
    publisher = {Springer Netherlands},
    author = {Hans van Ditmarsch and Wiebe van der Hoek and Barteld Kooi},
    title = {Dynamic Epistemic Logic}
}

@article{singleton2021logic,
      title={A Logic of Expertise},
      author={Joseph Singleton},
      year={2021},
      url={https://arxiv.org/abs/2107.10832},
      journal={ESSLLI 2021 Student Session},
}

@phdthesis{ozgun_evidence,
  TITLE = {{Evidence in Epistemic Logic : A Topological Perspective}},
  AUTHOR = {{\"{O}}zg{\"{u}}n, Ayb{\"{u}}ke},
  NUMBER = {2017LORR0200},
  SCHOOL = {{Universit{\'e} de Lorraine}},
  YEAR = {2017},
  MONTH = Oct,
  TYPE = {Theses},
  PDF = {https://tel.archives-ouvertes.fr/tel-01682932/file/DDOC_T_2017_0200_OZGUN.pdf},
  HAL_ID = {tel-01682932},
  HAL_VERSION = {v1},
}

@incollection{van2007modal,
  title={Modal logics of space},
  author={\benthem{}van Benthem, Johan and Bezhanishvili, Guram},
  booktitle={Handbook of spatial logics},
  pages={217--298},
  year={2007},
  publisher={Springer}
}

@book{blackburn2002modal,
  title={Modal logic},
  author={Blackburn, Patrick and De Rijke, Maarten and Venema, Yde},
  volume={53},
  year={2002},
  publisher={Cambridge University Press}
}

@book{chi2014nature,
  title={The nature of expertise},
  author={Chi, Michelene TH and Glaser, Robert and Farr, Marshall J},
  year={2014},
  publisher={Psychology Press}
}

@article{ericsson2010expertise,
  title={Expertise.},
  author={Ericsson, K Anders and Towne, Tyler J},
  journal={WIREs Cognitive Science},
  year={2010},
  publisher={Wiley-Blackwell Publishing Ltd.}
}

@book{collins2008rethinking,
  title={Rethinking expertise},
  author={Collins, Harry and Evans, Robert},
  year={2008},
  publisher={University of Chicago Press}
}

@article{kilov2021brittleness,
  title={The brittleness of expertise and why it matters},
  author={Kilov, Daniel},
  journal={Synthese},
  volume={199},
  number={1},
  pages={3431--3455},
  year={2021},
  publisher={Springer}
}

@article{whyte2010trust,
  title={Trust, expertise, and the philosophy of science},
  author={Whyte, Kyle Powys and Crease, Robert P},
  journal={Synthese},
  volume={177},
  number={3},
  pages={411--425},
  year={2010},
  publisher={Springer}
}

@article{goldman2018expertise,
  title={Expertise},
  author={Goldman, Alvin I},
  journal={Topoi},
  volume={37},
  number={1},
  pages={3--10},
  year={2018},
  publisher={Springer}
}
@InProceedings{hunter_building_2021,
author="Hunter, Aaron",
editor="Pham, Duc Nghia
and Theeramunkong, Thanaruk
and Governatori, Guido
and Liu, Fenrong",
title="Building Trust for Belief Revision",
booktitle="PRICAI 2021: Trends in Artificial Intelligence",
year="2021",
publisher="Springer International Publishing",
address="Cham",
pages="543--555",
isbn="978-3-030-89188-6"
}

@inproceedings{dastani2004inferring,
  title={Inferring trust},
  author={Dastani, Mehdi and Herzig, Andreas and Hulstijn, Joris and van der Torre, Leendert},
  booktitle={CLIMA},
  pages={144--160},
  year={2004},
  organization={Springer}
}

@article{van2011dynamic,
  title={Dynamic logics of evidence-based beliefs},
  author={\benthem{}{van Benthem}, Johan and Pacuit, Eric},
  journal={Studia Logica},
  volume={99},
  number={1},
  pages={61--92},
  year={2011},
  publisher={Springer}
}

@article{vanbenthem2014106,
title = {Evidence and plausibility in neighborhood structures},
journal = {Annals of Pure and Applied Logic},
volume = {165},
number = {1},
pages = {106-133},
year = {2014},
author = {\benthem{}{van Benthem}, Johan and Fern{\'{a}}ndez-Duque, David and Pacuit, Eric},
keywords = {Modal logic, Neighborhood semantics, Plausibility ordering, Evidence-based reasoning, Doxastic logic},
}

@article{booth_trust_2018,
	title = {Trust as a {Precursor} to {Belief} {Revision}},
	volume = {61},
	journal = {JAIR},
	author = {Booth, Richard and Hunter, Aaron},
	year = {2018},
	keywords = {belief revision, trust},
	pages = {699--722},
}

@article{Liau_2003,
	year = 2003,
	publisher = {Elsevier {BV}},
	volume = {149},
	number = {1},
	pages = {31--60},
	author = {Churn-Jung Liau},
	title = {Belief, information acquisition, and trust in multi-agent systems -- A modal logic formulation},
	journal = {Artificial Intelligence}
}

@inproceedings{lorini2014trust,
author = {Lorini, Emiliano and Jiang, Guifei and Perrussel, Laurent},
title = {Trust-Based Belief Change},
year = {2014},
booktitle = {Proc. ECAI},
pages = {549--554},
numpages = {6},
}

@article{herzig2010logic,
  title={A logic of trust and reputation},
  author={Herzig, Andreas and Lorini, Emiliano and H{\"u}bner, Jomi F and Vercouter, Laurent},
  journal={Logic Journal of the IGPL},
  volume={18},
  number={1},
  pages={214--244},
  year={2010},
  publisher={OUP}
}

@inbook{Scott1970,
    author="Scott, Dana",
    editor="Lambert, Karel",
    title="Advice on Modal Logic",
    booktitle="Philosophical Problems in Logic: Some Recent Developments",
    year="1970",
    publisher="Springer Netherlands",
    address="Dordrecht",
    pages="143--173",
    isbn="978-94-010-3272-8",
    doi="10.1007/978-94-010-3272-8_7",
}

@article{montague1970universal,
  title={Universal grammar},
  author={{Montague}, Richard},
  journal={Theoria},
  volume={36},
  number={3},
  pages={373--398},
  year={1970},
  publisher={Wiley Online Library}
}

@article{steiner1966lattice,
  title={The lattice of topologies: structure and complementation},
  author={Steiner, Anne K},
  journal={Transactions of the American Mathematical Society},
  volume={122},
  number={2},
  pages={379--398},
  year={1966},
  publisher={JSTOR}
}

@article{blum2016liquid,
  title={Liquid democracy: Potentials, problems, and perspectives},
  author={Blum, Christian and Zuber, Christina Isabel},
  journal={Journal of Political Philosophy},
  volume={24},
  number={2},
  pages={162--182},
  year={2016},
  publisher={Wiley Online Library}
}

@article {Llewellynm1160,
	author = {Llewellyn, Sue},
	title = {Covid-19: how to be careful with trust and expertise on social media},
	volume = {368},
	year = {2020},
	publisher = {BMJ Publishing Group Ltd},
	journal = {BMJ}
}

@article{dijck2020,
author = {\dijck{}van Dijck, Jos√© and Alinejad, Donya},
title ={Social Media and Trust in Scientific Expertise: Debating the Covid-19 Pandemic in The Netherlands},
journal = {Social Media + Society},
volume = {6},
number = {4},
year = {2020},
}

@article{xaudiera2020ibuprofen,
  title={Ibuprofen narratives in five European countries during the COVID-19 pandemic},
  author={Xaudiera, Sergi and Cardenal, Ana S},
  journal={Harvard Kennedy School Misinformation Review},
  volume={1},
  number={3},
  year={2020},
  url={https://misinforeview.hks.harvard.edu/article/ibuprofen-narratives-in-five-european-countries-during-the-covid-19-pandemic/},
}

